<record><leader>00000cas a2200000 a 4500</leader><controlfield tag="001">10331782</controlfield><controlfield tag="008">840124d18751878couwr ne      0    0eng c</controlfield><datafield ind1=" " ind2=" " tag="010"><subfield code="a">sn 84022256 </subfield></datafield><datafield ind1=" " ind2=" " tag="040"><subfield code="a">NPX</subfield><subfield code="b">eng</subfield><subfield code="c">NPX</subfield><subfield code="d">CNQ</subfield><subfield code="d">CNW</subfield><subfield code="d">OCLCQ</subfield><subfield code="d">CUI</subfield><subfield code="d">OCLCQ</subfield><subfield code="d">OCLCF</subfield></datafield><datafield ind1="1" ind2=" " tag="029"><subfield code="a">AU@</subfield><subfield code="b">000020410185</subfield></datafield><datafield ind1=" " ind2=" " tag="042"><subfield code="a">pcc</subfield></datafield><datafield ind1=" " ind2=" " tag="043"><subfield code="a">n-us-co</subfield></datafield><datafield ind1=" " ind2="4" tag="050"><subfield code="a">AN</subfield></datafield><datafield ind1="0" ind2="0" tag="245"><subfield code="a">Central City weekly register.</subfield></datafield><datafield ind1=" " ind2=" " tag="260"><subfield code="a">Central City, Colo. :</subfield><subfield code="b">[Collier &amp; Hall]</subfield></datafield><datafield ind1=" " ind2=" " tag="300"><subfield code="a">v.</subfield></datafield><datafield ind1=" " ind2=" " tag="310"><subfield code="a">Weekly</subfield></datafield><datafield ind1="0" ind2=" " tag="362"><subfield code="a">Vol. 13, no. 39 (May 5, 1875)-</subfield></datafield><datafield ind1="1" ind2=" " tag="362"><subfield code="a">Ceased in 1878.</subfield></datafield><datafield ind1=" " ind2=" " tag="500"><subfield code="a">Issue for May 19, 1875 called: Weekly Central City register.</subfield></datafield><datafield ind1=" " ind2="0" tag="651"><subfield code="a">Central City (Colo.)</subfield><subfield code="v">Newspapers.</subfield></datafield><datafield ind1=" " ind2="0" tag="651"><subfield code="a">Gilpin County (Colo.)</subfield><subfield code="v">Newspapers.</subfield></datafield><datafield ind1=" " ind2="7" tag="655"><subfield code="a">Newspapers.</subfield><subfield code="2">fast</subfield><subfield code="0">(OCoLC)fst01423814</subfield></datafield><datafield ind1=" " ind2="7" tag="651"><subfield code="a">Colorado</subfield><subfield code="z">Central City.</subfield><subfield code="2">fast</subfield><subfield code="0">(OCoLC)fst01217417</subfield></datafield><datafield ind1=" " ind2="7" tag="651"><subfield code="a">Colorado</subfield><subfield code="z">Gilpin County.</subfield><subfield code="2">fast</subfield><subfield code="0">(OCoLC)fst01230153</subfield></datafield><datafield ind1=" " ind2=" " tag="752"><subfield code="a">United States</subfield><subfield code="b">Colorado</subfield><subfield code="c">Gilpin</subfield><subfield code="d">Central City.</subfield></datafield><datafield ind1="0" ind2=" " tag="775"><subfield code="t">Daily Central City register</subfield><subfield code="w">(DLC)sn 82014861</subfield><subfield code="w">(OCoLC)8793348</subfield></datafield><datafield ind1="0" ind2="0" tag="780"><subfield code="t">Weekly Central City register (Central City, Colo. : 1868)</subfield><subfield code="w">(DLC)sn 84027587</subfield><subfield code="w">(OCoLC)11285342</subfield></datafield><datafield ind1="0" ind2="0" tag="785"><subfield code="t">Weekly Central City register (Central City, Colo. : 1878)</subfield><subfield code="w">(DLC)sn 90051624</subfield><subfield code="w">(OCoLC)22299395</subfield></datafield></record>